<record><leader>00000cas a22000007a 4500</leader><controlfield tag="001">15738402</controlfield><controlfield tag="008">870527d19401940txuwr ne      0    0eng d</controlfield><controlfield tag="009">6576</controlfield><datafield ind1=" " ind2=" " tag="010"><subfield code="a">sn 87090489 </subfield></datafield><datafield ind1=" " ind2=" " tag="040"><subfield code="a">PPM</subfield><subfield code="b">eng</subfield><subfield code="c">PPM</subfield></datafield><datafield ind1=" " ind2=" " tag="042"><subfield code="a">msc</subfield></datafield><datafield ind1="0" ind2="0" tag="245"><subfield code="a">Bandera County news.</subfield></datafield><datafield ind1=" " ind2=" " tag="260"><subfield code="a">Bandera, Tex. :</subfield><subfield code="b">J.S. McNeel, Jr.,</subfield><subfield code="c">1940-1940.</subfield></datafield><datafield ind1=" " ind2=" " tag="310"><subfield code="a">Weekly</subfield></datafield><datafield ind1="0" ind2=" " tag="362"><subfield code="a">Vol. 1, no. 1 (Oct. 24, 1940)-v. 1, no. 10 (Dec. 24, 1940).</subfield></datafield><datafield ind1=" " ind2=" " tag="752"><subfield code="a">United States</subfield><subfield code="b">Texas</subfield><subfield code="c">Bandera</subfield><subfield code="d">Bandera.</subfield></datafield><datafield ind1="0" ind2="4" tag="785"><subfield code="t">Bandera new era</subfield><subfield code="w">(DLC)sn 87090478</subfield></datafield></record>